@Book{jimbrig2020,
  title = {R Training Manual},
  author = {Jimmy Briggs},
  year = {2020},
  edition = {1st},
  url = {https://bookdown.org/jimbrig2011/r_training_manual/}
}
